<?xml version = "1.0" encoding = "UTF-8"?><record>
  <leader>01074nam#a2200313#c#4500</leader>
  <controlfield tag="005">20210409010757.0</controlfield>
  <controlfield tag="007">tu</controlfield>
  <controlfield tag="008">091118|2006####gw############|||#|#ger#c</controlfield>
  <controlfield tag="003">DE-605</controlfield>
  <controlfield tag="001">990177410070206441</controlfield>
  <datafield tag="016" ind1="7" ind2=" ">
    <subfield code="a">1073408630</subfield>
    <subfield code="2">OCoLC</subfield>
  </datafield>
  <datafield tag="035" ind1=" " ind2=" ">
    <subfield code="a">(DE-605)HT016135351</subfield>
  </datafield>
  <datafield tag="040" ind1=" " ind2=" ">
    <subfield code="a">6</subfield>
    <subfield code="b">ger</subfield>
    <subfield code="d">6</subfield>
    <subfield code="e">rakwb</subfield>
  </datafield>
  <datafield tag="041" ind1=" " ind2=" ">
    <subfield code="a">ger</subfield>
  </datafield>
  <datafield tag="044" ind1=" " ind2=" ">
    <subfield code="c">XA-DE</subfield>
  </datafield>
  <datafield tag="084" ind1=" " ind2=" ">
    <subfield code="a">Marienfeld</subfield>
    <subfield code="0">https://nwbib.de/spatial#Q1897678</subfield>
    <subfield code="2">nwbib</subfield>
  </datafield>
  <datafield tag="084" ind1=" " ind2=" ">
    <subfield code="a">Sonstige Landwirtschaftliche Geb&#228;ude. M&#252;hlen</subfield>
    <subfield code="0">https://nwbib.de/subjects#N708029</subfield>
    <subfield code="2">nwbib</subfield>
  </datafield>
  <datafield tag="245" ind1="0" ind2="0">
    <subfield code="a">Lutter-Wasserm&#252;hle Roberg</subfield>
    <subfield code="b">Zeitzeuge und Kleinod in Harsewinkel</subfield>
    <subfield code="c">[Hemut Buchmann</subfield>
  </datafield>
  <datafield tag="264" ind1=" " ind2="1">
    <subfield code="a">Marienfeld</subfield>
    <subfield code="b">Selbstverl.</subfield>
    <subfield code="c">2006]</subfield>
  </datafield>
  <datafield tag="300" ind1=" " ind2=" ">
    <subfield code="a">32 gez. S. : &#252;berw. Ill.</subfield>
  </datafield>
  <datafield tag="655" ind1=" " ind2="7">
    <subfield code="a">Bildband</subfield>
    <subfield code="0">(DE-588)4145395-5</subfield>
    <subfield code="2">gnd-content</subfield>
  </datafield>
  <datafield tag="689" ind1="0" ind2="0">
    <subfield code="a">Lutter-Wasserm&#252;hle Roberg</subfield>
    <subfield code="g">Harsewinkel</subfield>
    <subfield code="D">g</subfield>
    <subfield code="0">(DE-588)7684863-2</subfield>
    <subfield code="0">(uri) https://portal.dnb.de/opac.htm?method=simpleSearch&amp;cqlMode=true&amp;query=idn=999001345</subfield>
    <subfield code="0">(uri) http://viaf.org/viaf/sourceID/DNB|999001345</subfield>
    <subfield code="B">GND-999001345</subfield>
  </datafield>
  <datafield tag="700" ind1="1" ind2=" ">
    <subfield code="a">Buchmann, Helmut</subfield>
    <subfield code="4">pht</subfield>
  </datafield>
  <datafield tag="960" ind1="1" ind2=" ">
    <subfield code="n">NWBib-6</subfield>
  </datafield>
  <datafield tag="964" ind1="0" ind2="s">
    <subfield code="F">030</subfield>
    <subfield code="A">a|1uc||||||37</subfield>
  </datafield>
  <datafield tag="964" ind1="0" ind2="s">
    <subfield code="F">050</subfield>
    <subfield code="A">a|||||||||||||</subfield>
  </datafield>
  <datafield tag="964" ind1="0" ind2="s">
    <subfield code="F">051</subfield>
    <subfield code="A">m|||||||</subfield>
  </datafield>
  <datafield tag="035" ind1=" " ind2=" ">
    <subfield code="a">(OCoLC)1073408630</subfield>
    <subfield code="0">(uri) http://www.worldcat.org/oclc/1073408630</subfield>
  </datafield>
  <datafield tag="035" ind1=" " ind2=" ">
    <subfield code="a">(DE-599)HBZHT016135351</subfield>
  </datafield>
  <datafield tag="MBD" ind1=" " ind2=" ">
    <subfield code="M">49HBZ_NETWORK</subfield>
    <subfield code="i">990177410070206441</subfield>
    <subfield code="n">HBZ Network</subfield>
  </datafield>
  <datafield tag="MNG" ind1=" " ind2=" ">
    <subfield code="c">System</subfield>
    <subfield code="f">ILS</subfield>
    <subfield code="i">marc21</subfield>
    <subfield code="k">01</subfield>
    <subfield code="e">false</subfield>
    <subfield code="d">2021-04-09 01:07:57 Europe/Berlin</subfield>
    <subfield code="g">017741007-HBZ01</subfield>
    <subfield code="j">60</subfield>
    <subfield code="a">import</subfield>
    <subfield code="b">2021-04-05 19:05:47 Europe/Berlin</subfield>
  </datafield>
  <datafield tag="GSI" ind1="7" ind2=" ">
    <subfield code="a">http://d-nb.info/gnd/7684863-2</subfield>
    <subfield code="2">uri</subfield>
    <subfield code="A">GND</subfield>
    <subfield code="B">GND-999001345</subfield>
    <subfield code="C">024</subfield>
  </datafield>
  <datafield tag="GGN" ind1=" " ind2=" ">
    <subfield code="a">Mu&#776;hle Roberg</subfield>
    <subfield code="g">Harsewinkel</subfield>
    <subfield code="A">GND</subfield>
    <subfield code="B">GND-999001345</subfield>
    <subfield code="C">451</subfield>
  </datafield>
  <datafield tag="GGN" ind1=" " ind2=" ">
    <subfield code="a">Kornmu&#776;hle Roberg</subfield>
    <subfield code="g">Harsewinkel</subfield>
    <subfield code="A">GND</subfield>
    <subfield code="B">GND-999001345</subfield>
    <subfield code="C">451</subfield>
  </datafield>
  <datafield tag="GGN" ind1=" " ind2=" ">
    <subfield code="a">Lutter-Wassermu&#776;hle Roberg</subfield>
    <subfield code="g">Harsewinkel-Marienfeld</subfield>
    <subfield code="A">GND</subfield>
    <subfield code="B">GND-999001345</subfield>
    <subfield code="C">451</subfield>
  </datafield>
</record>